@article{gasser2014distributed,
	title={Distributed learning of decentralized control policies for articulated 
	mobile robots},
	author={Sartoretti, Guillaume and Paivine, William and Shi, Yunfei and Wu, Yue 
	and Choset, Howie},
	journal={IEEE Transactions on Robotics},
	volume={35},
	number={5},
	pages={1109--1122},
	year={2019},
	publisher={IEEE}
}

@article{gomez2018understanding,
	title={Understanding categorical cross-entropy loss, binary cross-entropy loss, 
	softmax loss, logistic loss, focal loss and all those confusing names},
	author={G{\'o}mez, Ra{\'u}l},
	url={https://gombru.github.io/2018/05/23/cross\_entropy\_loss},
	year={2018}
}

@electronic{ml-agents,
	author={Juliani, Arthur},
	title={{ML-Agents Toolkit v0.3 Beta released: Imitation Learning, 
	feedback-driven features, and more}.},
	url={https://blogs.unity3d.com/2018/03/15/ml-agents-v0-3-beta-released-imitation-learning-feedback-driven-features-and-more/},
	year={2018}
}